000000001 FMT   L BK
000000001 LDR   L ^^^^^cam^a22003137i^4500
000000001 001   L 000000001
000000001 005   L 20100126155248.0
000000001 008   L 860616s1985^^^^fi^|||||||||||||||||swe||
000000001 0410  L $$aswe
000000001 080   L $$a29
000000001 080   L $$a378.18
000000001 1102  L $$aÅbo Akademi.
000000001 24510 L $$aSocialguide :$$binformation om den sociala service en studerande i olika situationer har rätt till /$$c[Åbo akademi].
000000001 260   L $$a[Åbo] :$$b[Åbo akademi],$$c1985.
000000001 300   L $$a[3], 34 s.
000000001 336   L $$ateksti$$btxt$$2rdacontent
000000001 337   L $$akäytettävissä ilman laitetta$$bn$$2rdamedia
000000001 338   L $$anide$$bnc$$2rdacarrier
000000001 500   L $$aPärmtitel: Socialguide för studerande vid Åbo akademi.
000000001 SID   L $$c2$$balma
000000001 CAT   L $$aLOAD$$b$$c20090122$$lFIN01$$h1151
000000001 CAT   L $$aERE$$b30$$c20090529$$lFIN01$$h1617
000000001 CAT   L $$aERE$$b30$$c20090529$$lFIN01$$h1618
000000001 CAT   L $$aKVP4001$$b30$$c20090929$$lFIN01$$h1241
000000001 CAT   L $$aKVP1008$$b30$$c20100126$$lFIN01$$h1552
000000001 CAT   L $$aBATCH$$b00$$c20100126$$lFIN01$$h1554
000000001 CAT   L $$aCONV-ISBD$$b$$c20120401$$lFIN01$$h2007
000000001 CAT   L $$aCONV-RDA$$b$$c20160319$$lFIN01$$h0811
000000001 LOW   L $$aALMA
