000000002 FMT   L BK
000000002 LDR   L 00000cam^a22004097i^4500
000000002 001   L 000000002
000000002 005   L 20160406135147.0
000000002 008   L 850308s1980^^^^sz^|||||||||||||||||fre||
000000002 0410  L $$afre
000000002 080   L $$a696/697
000000002 080   L $$a296.63
000000002 080   L $$a929 Josephus
000000002 1000  L $$aSzyszman, Simon.
000000002 24513 L $$aLe karaïsme :$$bses doctrines et son histoire /$$cSimon Szyszman.
000000002 260   L $$aLausanne :$$bL'Age d'Homme,$$c1980.
000000002 300   L $$a247 s., 24 pl. :$$bill., kart.
000000002 336   L $$ateksti$$btxt$$2rdacontent
000000002 337   L $$akäytettävissä ilman laitetta$$bn$$2rdamedia
000000002 338   L $$anide$$bnc$$2rdacarrier
000000002 4901  L $$aBibliotheca karaitica. Series A ;$$vvol. 1
000000002 650 7 L $$atalotekniikka$$2ysa
000000002 650 7 L $$arakennukset$$2ysa
000000002 650 7 L $$atoimivuus$$2ysa
000000002 650 7 L $$amittaus$$2ysa
000000002 650 7 L $$asimulointi$$2ysa
000000002 650 7 L $$aKaraites$$2atla
000000002 650 7 L $$aKaraites$$xhistory$$2atla
000000002 650 7 L $$aJewish sects$$2atla
000000002 830 0 L $$aBibliotheca karaitica.$$nSeries A ;$$vvol. 1.
000000002 SID   L $$c3$$balma
000000002 CAT   L $$aLOAD$$b$$c20090122$$lFIN01$$h1151
000000002 CAT   L $$aKVP1003$$b30$$c20090820$$lFIN01$$h1040
000000002 CAT   L $$aLOAD-KAUSI$$b$$c20100121$$lFIN01$$h1054
000000002 CAT   L $$aKVP-LOADF$$b$$c20100204$$lFIN01$$h1757
000000002 CAT   L $$aCONV-ISBD$$b$$c20120401$$lFIN01$$h2007
000000002 CAT   L $$aLOAD-RDA$$b$$c20160406$$lFIN01$$h1351
000000002 LOW   L $$aALMA
