000000005 FMT   L BK
000000005 LDR   L ^^^^^cam^a22003257i^4500
000000005 001   L 000000005
000000005 005   L 20160311121609.0
000000005 008   L 850308s1983^^^^be^|||||||||||||||||syr||
000000005 0411  L $$asyr$$afre$$hsyr
000000005 080   L $$a273.913$$x(093)
000000005 1000  L $$aBar Hebraeus.
000000005 24513 L $$aLe candélabre du sanctuaire de Grégoire Abou'lfaradj dit Barhebraeus.$$nBase 11 ,$$pDu jugement dernier /$$ctexte syriaque éd. pour la prèmiere fois avec trad. française par Nicolas Séd.
000000005 260   L $$aTurnhout :$$bBrepols,$$c1983.
000000005 300   L $$aS. 262-384.
000000005 336   L $$ateksti$$btxt$$2rdacontent
000000005 337   L $$akäytettävissä ilman laitetta$$bn$$2rdamedia
000000005 338   L $$anide$$bnc$$2rdacarrier
000000005 4901  L $$aPatrologia orientalis ;$$vt. 41, fasc. 3, no. 188
000000005 650 7 L $$amanuscripts, Syriac$$2atla
000000005 650 7 L $$aJacobites (Syrian)$$2atla
000000005 650 7 L $$aMonophysites$$2atla
000000005 7001  L $$aSéd, Nicolas.
000000005 830 0 L $$aPatrologia orientalis ;$$vt. 41, fasc. 3, no. 188.
000000005 SID   L $$c6$$balma
000000005 CAT   L $$aMINTTU$$b00$$c20120330$$lFIN01$$h1250
000000005 CAT   L $$aCONV-ISBD$$b$$c20120401$$lFIN01$$h2007
000000005 CAT   L $$aLOAD-HAMK$$b$$c20120706$$lFIN01$$h1145
000000005 CAT   L $$aX4004$$b30$$c20160311$$lFIN01$$h1216
000000005 CAT   L $$aCONV-RDA$$b$$c20160319$$lFIN01$$h0811
000000005 LOW   L $$aALMA
