000000006 FMT   L BK
000000006 LDR   L ^^^^^cam^a22004217i^4500
000000006 001   L 000000006
000000006 005   L 20140422230249.0
000000006 008   L 850308s1983^^^^be^|||||||||||||||||ger||
000000006 0410  L $$ager
000000006 080   L $$a281$$x(091)$$x(5/6)
000000006 080   L $$a281$$x(091)
000000006 1000  L $$aKawerau, Peter.
000000006 24510 L $$aOstkirchengeschichte.$$n1,$$pDas Christentum in Asien und Afrika bis zum Auftreten der Portugiesen im Indischer Ozean /$$cvon Peter Kawerau.
000000006 260   L $$aLovanii [Louvain] :$$bPeeters,$$c1983.
000000006 300   L $$aLXXI, 204 s.
000000006 336   L $$ateksti$$btxt$$2rdacontent
000000006 337   L $$akäytettävissä ilman laitetta$$bn$$2rdamedia
000000006 338   L $$anide$$bnc$$2rdacarrier
000000006 4901  L $$aCorpus scriptorum Christianorum orientalium ;$$vvol. 451
000000006 4901  L $$aSubsidia ;$$vt. 70
000000006 4901  L $$aCorpus scriptorum Christianorum orientalium, Subsidia ;$$vt. 70
000000006 650 7 L $$aOrthodox Eastern Church in Africa$$xhistory$$2atla
000000006 650 7 L $$aOrthodox Eastern Church in Asia$$xhistory$$2atla
000000006 650 7 L $$aNestorians$$2atla
000000006 650 7 L $$aMonophysites$$2atla
000000006 650 7 L $$acanon law, Orthodox Eastern$$2atla
000000006 650 7 L $$aPortuguese$$xIndia$$2atla
000000006 7404  L $$aDas Christentum in Asien und Afrika bis zum Auftreten der Portugiesen im Indischer Ozean.
000000006 830 0 L $$aCorpus scriptorum Christianorum orientalium ;$$vvol. 451.
000000006 830 0 L $$aSubsidia ;$$vt. 70.
000000006 830 0 L $$aCorpus scriptorum Christianorum orientalium,$$pSubsidia ;$$vt. 70.
000000006 SID   L $$c7$$balma
000000006 SID   L $$c5841$$bhelka
000000006 CAT   L $$aCONV-ISBD$$b$$c20120401$$lFIN01$$h2007
000000006 CAT   L $$aLOAD-HELKA$$b$$c20140422$$lFIN01$$h2302
000000006 CAT   L $$aCONV-RDA$$b$$c20160319$$lFIN01$$h0811
000000006 LOW   L $$aALMA
000000006 LOW   L $$aHELKA
