000000007 FMT   L BK
000000007 LDR   L ^^^^^cam^a22003257i^4500
000000007 001   L 000000007
000000007 005   L 20010520181033.0
000000007 008   L 850308s1983^^^^be^|||||||||||||||||arm||
000000007 0411  L $$aarm$$afre$$harm
000000007 080   L $$a281.914$$x(093)
000000007 080   L $$a223.1
000000007 1000  L $$aHesychios av Jerusalem.
000000007 24510 L $$aHomélies sur Job :$$bversion arménienne.$$n2,$$pHomélies XII-XXIV /$$cHésychius de Jérusalem ; éd., introd. et notes par Charles Renoux ; trad. par Charles Mercier et Charles Renoux.
000000007 260   L $$aTurnhout :$$bBrepols,$$c1983.
000000007 300   L $$aS. [298]-612.
000000007 336   L $$ateksti$$btxt$$2rdacontent
000000007 337   L $$akäytettävissä ilman laitetta$$bn$$2rdamedia
000000007 338   L $$anide$$bnc$$2rdacarrier
000000007 4901  L $$aPatrologia orientalis ;$$vt. 42, fasc. 2, no. 191
000000007 650 7 L $$amanuscripts, Armenian$$2atla
000000007 650 7 L $$aOrthodox Eastern Church$$2atla
000000007 650 7 L $$aBible (OT)- Job$$2atla
000000007 650 7 L $$aBible$$xcriticism, interpretation$$2atla
000000007 7001  L $$aRenoux, Charles.
000000007 7001  L $$aMercier, B.-Ch.
000000007 830 0 L $$aPatrologia orientalis ;$$vt. 42, fasc. 2, no. 191.
000000007 SID   L $$c8$$balma
000000007 CAT   L $$aCONV-ISBD$$b$$c20120401$$lFIN01$$h2007
000000007 CAT   L $$aCONV-RDA$$b$$c20160319$$lFIN01$$h0811
000000007 LOW   L $$aALMA
