000000008 FMT   L BK
000000008 LDR   L ^^^^^cam^a22002777i^4500
000000008 001   L 000000008
000000008 005   L 20010520181033.0
000000008 008   L 850916s1984^^^^be^|||||||||||||||||syr||
000000008 0410  L $$asyr$$afre$$hsyr
000000008 080   L $$a273.913
000000008 24500 L $$aHomélies anonymes du VIe siècle :$$bdissertation sur le Grand-Prêtre : homélies sur la pécheresse I, II, III /$$céd. du texte syriaque inéd., introd. et trad. française par Francois Graffin.
000000008 260   L $$aTurnhout :$$bBrepols,$$c1984.
000000008 300   L $$aS. [389]-533.
000000008 336   L $$ateksti$$btxt$$2rdacontent
000000008 337   L $$akäytettävissä ilman laitetta$$bn$$2rdamedia
000000008 338   L $$anide$$bnc$$2rdacarrier
000000008 4901  L $$aPatrologia orientalis ;$$vt. 41, fasc. 4, no. 189
000000008 650 7 L $$amanuscripts, Syriac$$2atla
000000008 650 7 L $$aOrthodox Eastern Church, Syrian$$2atla
000000008 650 7 L $$asermons$$2atla
000000008 7001  L $$aGraffin, Francois.
000000008 830 0 L $$aPatrologia orientalis ;$$vt. 41, fasc. 4, no. 189.
000000008 SID   L $$c9$$balma
000000008 CAT   L $$aCONV-ISBD$$b$$c20120401$$lFIN01$$h2007
000000008 CAT   L $$aCONV-RDA$$b$$c20160319$$lFIN01$$h0811
000000008 LOW   L $$aALMA
