000000009 FMT   L BK
000000009 LDR   L ^^^^^cam^a22002657i^4500
000000009 001   L 000000009
000000009 005   L 20010520181033.0
000000009 008   L 850506s1982^^^^no^|||||||||||||||||nor||
000000009 0410  L $$anor
000000009 080   L $$a839.59
000000009 080   L $$a293.11
000000009 1000  L $$aNordli, Ottar.
000000009 24510 L $$aOm Edda-dikt, skaldekvad og historietradisjon /$$cav Ottar Nordli.
000000009 260   L $$aOslo :$$bUniversitetsbokhandelen [i kommisjon],$$c1982.
000000009 300   L $$a35 s.
000000009 336   L $$ateksti$$btxt$$2rdacontent
000000009 337   L $$akäytettävissä ilman laitetta$$bn$$2rdamedia
000000009 338   L $$anide$$bnc$$2rdacarrier
000000009 650 7 L $$aIcelandic and old Norse literature$$2atla
000000009 650 7 L $$aEddas$$2atla
000000009 650 7 L $$aNorway$$xhistory$$2atla
000000009 SID   L $$c10$$balma
000000009 CAT   L $$aCONV-ISBD$$b$$c20120401$$lFIN01$$h2007
000000009 CAT   L $$aCONV-RDA$$b$$c20160319$$lFIN01$$h0811
000000009 LOW   L $$aALMA
