000000010 FMT   L BK
000000010 LDR   L ^^^^^cam^a22002897i^4500
000000010 001   L 000000010
000000010 005   L 20010520181033.0
000000010 008   L 850506s1981^^^^sz^|||||||||||||||||ger||
000000010 0410  L $$ager
000000010 080   L $$a37.037.1
000000010 080   L $$a141.333
000000010 080   L $$a291.315.6
000000010 1000  L $$aZuccoli, Elena.
000000010 24510 L $$aSkizzen und Entwürfe zur Eurythmie /$$cElena Zuccoli ; mit einem Geleitwort von Hagen Biesantz.
000000010 260   L $$aDornach :$$bKeller,$$c1981.
000000010 300   L $$a[72] s. :$$bbildverk.
000000010 336   L $$ateksti$$btxt$$2rdacontent
000000010 337   L $$akäytettävissä ilman laitetta$$bn$$2rdamedia
000000010 338   L $$anide$$bnc$$2rdacarrier
000000010 650 7 L $$aAnthroposophy$$2atla
000000010 650 7 L $$adance, religious$$2atla
000000010 650 7 L $$adance therapy$$2atla
000000010 7001  L $$aBiesantz, Hagen.
000000010 SID   L $$c11$$balma
000000010 CAT   L $$aCONV-ISBD$$b$$c20120401$$lFIN01$$h2007
000000010 CAT   L $$aCONV-RDA$$b$$c20160319$$lFIN01$$h0811
000000010 LOW   L $$aALMA
