000000011 FMT   L BK
000000011 LDR   L ^^^^^cam^a22002657i^4500
000000011 001   L 000000011
000000011 005   L 20010520181033.0
000000011 008   L 850506s1981^^^^gw^|||||||||||||||||ger||
000000011 0410  L $$ager
000000011 080   L $$a615.851.8
000000011 080   L $$a141.333
000000011 1000  L $$aPütz, Rose Maria.
000000011 24510 L $$aKunsttherapie :$$beine Alternative zur Regeneration des Menschen.$$nBd 1,$$pDie Maltherapie /$$cRose Maria Pütz.
000000011 260   L $$aBielefeld :$$bBertelsmann,$$cCop. 1981.
000000011 300   L $$a158 s., [38] pl. :$$bfärgill., ill.
000000011 336   L $$ateksti$$btxt$$2rdacontent
000000011 337   L $$akäytettävissä ilman laitetta$$bn$$2rdamedia
000000011 338   L $$anide$$bnc$$2rdacarrier
000000011 650 7 L $$aAnthroposophy$$2atla
000000011 650 7 L $$aart therapy$$2atla
000000011 7404  L $$aDie Maltherapie.
000000011 SID   L $$c12$$balma
000000011 CAT   L $$aCONV-ISBD$$b$$c20120401$$lFIN01$$h2007
000000011 CAT   L $$aCONV-RDA$$b$$c20160319$$lFIN01$$h0811
000000011 LOW   L $$aALMA
