000000012 FMT   L BK
000000012 LDR   L ^^^^^cam^a22004817i^4500
000000012 001   L 000000012
000000012 005   L 20141219114925.0
000000012 008   L 850506s1983^^^^xxu|||||||||||||||||eng||
000000012 035   L $$z(FI-MELINDA)003066904
000000012 035   L $$a(FI-MELINDA)000000012
000000012 0410  L $$aeng
000000012 080   L $$a970$$x(=97)
000000012 080   L $$a970
000000012 080   L $$a930.85$$x(=97)
000000012 080   L $$a397$$x(=97)
000000012 080   L $$a39$$x(7)$$x(=97)
000000012 24500 L $$aHandbook of North American Indians.$$nVol. 10,$$pSouthwest /$$cWilliam G. Sturtevant, general ed. ; Alfonso Ortiz, vol. ed.
000000012 260   L $$aWashington :$$bSmithsonian Institution,$$c1983.
000000012 300   L $$axvi, 868 s. :$$bill., kart.
000000012 336   L $$ateksti$$btxt$$2rdacontent
000000012 337   L $$akäytettävissä ilman laitetta$$bn$$2rdamedia
000000012 338   L $$anide$$bnc$$2rdacarrier
000000012 650 7 L $$aintiaanit$$zPohjois-Amerikka$$2ysa
000000012 650 7 L $$ahakuteokset$$xintiaanit$$zPohjois-Amerikka$$2kula
000000012 650 7 L $$aNavajo Indians$$2atla
000000012 650 7 L $$aIndians of North America$$2atla
000000012 650 7 L $$aApache indians$$2atla
000000012 7001  L $$aSturtevant, William C.
000000012 7001  L $$aOrtiz, Alfonso.
000000012 SID   L $$c4709$$bhelka
000000012 SID   L $$c248168$$bvolte
000000012 SID   L $$c13869$$boula
000000012 SID   L $$c13$$balma
000000012 CAT   L $$aLOAD-HELKA$$b$$c20140812$$lFIN01$$h2333
000000012 CAT   L $$aLOAD-HELKA$$b$$c20111215$$lFIN01$$h0529
000000012 CAT   L $$aLOAD-FIX$$b30$$c20141219$$lFIN01$$h1145
000000012 CAT   L $$aCONV-ISBD$$b$$c20120401$$lFIN01$$h2007
000000012 CAT   L $$aKVP1008$$b30$$c20141219$$lFIN01$$h1149
000000012 CAT   L $$aCONV-RDA$$b$$c20160319$$lFIN01$$h0811
000000012 LOW   L $$aOULA
000000012 LOW   L $$aVOLTE
000000012 LOW   L $$aHELKA
000000012 LOW   L $$aALMA
