000000013 FMT   L BK
000000013 LDR   L ^^^^^cam^a22004097i^4500
000000013 001   L 000000013
000000013 005   L 20141219120618.0
000000013 008   L 850506s1981^^^^sw^|||||||||||||||||swe||
000000013 035   L $$a(FI-MELINDA)000000013
000000013 0410  L $$aswe
000000013 080   L $$a929 Katarina
000000013 080   L $$a271.4 Katarina
000000013 1000  L $$aAndersson, Aron.
000000013 24510 L $$aS. Katarina av Vadstena :$$ben levnadsteckning /$$c[Aron Andersson].
000000013 260   L $$a[Rom :$$bBirgittasystrarna i Rom],$$c[1981]
000000013 300   L $$a55 s.
000000013 336   L $$ateksti$$btxt$$2rdacontent
000000013 337   L $$akäytettävissä ilman laitetta$$bn$$2rdamedia
000000013 338   L $$anide$$bnc$$2rdacarrier
000000013 500   L $$aCop. Birgittasystrarna i Rom
000000013 500   L $$aB: Jarl Gallénin lahjoitus.
000000013 60004 L $$aKatarina Ulfsdotter.
000000013 650 7 L $$apyhimykset$$xkeskiaika$$zRuotsi$$2ysa
000000013 650 7 L $$akirkkohistoria$$xkeskiaika$$zRuotsi$$2ysa
000000013 650 7 L $$amonasticism and religious orders$$2atla
000000013 650 7 L $$aBridgettines$$xbiographies$$2atla
000000013 650 7 L $$amonasteries in Sweden$$2atla
000000013 650 7 L $$aSweden$$xchurch history$$x0600-1500$$2atla
000000013 SID   L $$c14$$balma
000000013 SID   L $$c887700$$bhelka
000000013 CAT   L $$aCONV-ISBD$$b$$c20120401$$lFIN01$$h2007
000000013 CAT   L $$aLOAD-HELKA$$b$$c20140620$$lFIN01$$h0042
000000013 CAT   L $$aLOAD-FIX$$b30$$c20141219$$lFIN01$$h1206
000000013 CAT   L $$aLOAD-FIX$$b30$$c20141219$$lFIN01$$h1206
000000013 CAT   L $$aCONV-RDA$$b$$c20160319$$lFIN01$$h0811
000000013 LOW   L $$aALMA
000000013 LOW   L $$aHELKA
