000000014 FMT   L BK
000000014 LDR   L ^^^^^cam^a22004457i^4500
000000014 001   L 000000014
000000014 005   L 20160310154414.0
000000014 008   L 850506s1982^^^^sw^|||||||||||||||||swe||
000000014 035   L $$a(FI-MELINDA)000000014
000000014 0410  L $$aswe
000000014 080   L $$a903.27$$x(6)
000000014 084   L $$a70.982$$2ykl
000000014 1000  L $$aBurenhult, Göran.
000000014 24510 L $$aIherir :$$bklippmålningar från stenåldern i Centralsahara /$$ctext o.bild: Göran Burenhult.
000000014 260   L $$aStockholm :$$bStureförlaget,$$c1982.
000000014 300   L $$a268 s. :$$bill., färgill.
000000014 336   L $$ateksti$$btxt$$2rdacontent
000000014 337   L $$akäytettävissä ilman laitetta$$bn$$2rdamedia
000000014 338   L $$anide$$bnc$$2rdacarrier
000000014 650 7 L $$arock paintings$$2atla
000000014 650 7 L $$aart, African$$2atla
000000014 650 7 L $$aNeolithic period$$2atla
000000014 650 7 L $$aAfrica, North$$2atla
000000014 650 7 L $$aman, prehistoric$$2atla
000000014 650 7 L $$akalliotaide$$zSahara$$2ysa
000000014 650 7 L $$ataidehistoria$$xkivikausi$$xPohjois-Afrikka$$2ysa
000000014 SID   L $$c15$$balma
000000014 SID   L $$c191077$$bjykdo
000000014 SID   L $$c570197$$bvaari
000000014 SID   L $$c(ANDL100008)3223142$$bpiki
000000014 CAT   L $$aCONV-ISBD$$c20120401$$lFIN01$$h2007
000000014 CAT   L $$aLOAD-PIKI$$c20150620$$lFIN01$$h2243
000000014 CAT   L $$aPIKI7001$$b30$$c20160115$$lFIN01$$h1441
000000014 CAT   L $$aPIKI7001$$b30$$c20160115$$lFIN01$$h1441
000000014 CAT   L $$aABO4003$$b30$$c20160310$$lFIN01$$h1543
000000014 CAT   L $$aABO4003$$b30$$c20160310$$lFIN01$$h1544
000000014 CAT   L $$aCONV-RDA$$b$$c20160319$$lFIN01$$h0811
000000014 LOW   L $$aALMA
000000014 LOW   L $$aJYKDO
000000014 LOW   L $$aVAARI
