000000015 FMT   L BK
000000015 LDR   L ^^^^^cam^a22002657i^4500
000000015 001   L 000000015
000000015 005   L 20010520181033.0
000000015 008   L 850506s1982^^^^dk^|||||||||||||||||dan||
000000015 0411  L $$adan$$hfre
000000015 080   L $$a273.233$$x(093)
000000015 24500 L $$aProcessen mod Beatrice de Lagleize :$$binkvisitionsakter fra Languedoc /$$cKaren Glente [udg.].
000000015 260   L $$aKøbenhavn :$$bInstitut for religionssociologi. Københavns universitet,$$c[1982]
000000015 300   L $$a99 s. :$$bkart.
000000015 336   L $$ateksti$$btxt$$2rdacontent
000000015 337   L $$akäytettävissä ilman laitetta$$bn$$2rdamedia
000000015 338   L $$anide$$bnc$$2rdacarrier
000000015 60004 L $$aBeatrice de Lagleize.
000000015 650 7 L $$ainquisition$$2atla
000000015 650 7 L $$achurch history$$x0600-1500$$2atla
000000015 650 7 L $$aCathari$$2atla
000000015 7001  L $$aGlente, Karen.
000000015 SID   L $$c16$$balma
000000015 CAT   L $$aCONV-ISBD$$b$$c20120401$$lFIN01$$h2007
000000015 CAT   L $$aCONV-RDA$$b$$c20160319$$lFIN01$$h0811
000000015 LOW   L $$aALMA
