000000017 FMT   L BK
000000017 LDR   L ^^^^^cam^a22003257i^4500
000000017 001   L 000000017
000000017 005   L 20140625133435.0
000000017 008   L 851105s1981^^^^sw^||||||m^^^|||||||swe||
000000017 0410  L $$aswe
000000017 080   L $$a297$$x(581)
000000017 1001  L $$aSamuelsson, Jan.
000000017 24510 L $$aIslam i Afganistan - under kung Muhammed Zahir shah :$$ben studie av moderniseringsprocessens följder för islams ställning i Afganistan /$$cJan Samuelsson.
000000017 250   L $$a2., något omarb. uppl.
000000017 260   L $$aStockholm :$$bSv. Afghanistankommittén,$$c1981.
000000017 300   L $$a89 s. :$$bill., kart.
000000017 336   L $$ateksti$$btxt$$2rdacontent
000000017 337   L $$akäytettävissä ilman laitetta$$bn$$2rdamedia
000000017 338   L $$anide$$bnc$$2rdacarrier
000000017 4901  L $$aStockholm dissertations in comparative religion ;$$v1
000000017 500   L $$a1. uppl. utg. som diss., Stockholms universitet, 1975
000000017 650 7 L $$aIslam$$xAfghanistan$$xsocial history$$2atla
000000017 650 7 L $$amodernism$$xIslam$$2atla
000000017 650 7 L $$areligious change$$2atla
000000017 830 0 L $$aStockholm dissertations in comparative religion ;$$v1.
000000017 SID   L $$c18$$balma
000000017 CAT   L $$aCONV-ISBD$$b$$c20120401$$lFIN01$$h2007
000000017 CAT   L $$aX4007$$b30$$c20140625$$lFIN01$$h1334
000000017 CAT   L $$aCONV-RDA$$b$$c20160319$$lFIN01$$h0811
000000017 LOW   L $$aALMA
000000017 LOW   L $$aVAARI
