000000020 FMT   L BK
000000020 LDR   L ^^^^^cam^a22003017i^4500
000000020 001   L 000000020
000000020 005   L 20100329142858.0
000000020 008   L 850916s1983^^^^gw^|||||||||||||||||ger||
000000020 0410  L $$ager
000000020 080   L $$a641
000000020 080   L $$a54
000000020 24500 L $$aChemie in Lebensmitteln /$$chrsg. von der KATALYSE-Umweltgruppe Köln e.V.
000000020 250   L $$a20. Aufl., 191.-200. Tausend.
000000020 260   L $$aFrankfurt ama Main :$$bZweitausendeins,$$c1983.
000000020 300   L $$a351 s. :$$bill.
000000020 336   L $$ateksti$$btxt$$2rdacontent
000000020 337   L $$akäytettävissä ilman laitetta$$bn$$2rdamedia
000000020 338   L $$anide$$bnc$$2rdacarrier
000000020 500   L $$a1. Aufl. 1982.
000000020 500   L $$a26. Aufl., 251.-255. Tausend 1983.
000000020 650 7 L $$achemistry$$2atla
000000020 650 7 L $$afood$$2atla
000000020 7102  L $$aKatalyse-Umweltgruppe Köln.
000000020 SID   L $$c21$$balma
000000020 CAT   L $$aX4005$$b30$$c20100329$$lFIN01$$h1428
000000020 CAT   L $$aCONV-ISBD$$b$$c20120401$$lFIN01$$h2007
000000020 CAT   L $$aCONV-RDA$$b$$c20160319$$lFIN01$$h0811
000000020 LOW   L $$aVAARI
