000000021 FMT   L BK
000000021 LDR   L ^^^^^cam^a22002657i^4500
000000021 001   L 000000021
000000021 005   L 20010520181033.0
000000021 008   L 850916s1984^^^^xxu|||||||||||||||||eng||
000000021 0410  L $$aeng
000000021 080   L $$a294.55
000000021 080   L $$a929 Bhaktivedanta
000000021 1000  L $$aGoswami, Satsvarūpa dāsa.
000000021 24510 L $$aŚrīla Prabhupāda-līlāmrta :$$ba biography of His Divine Grace A. C. Bhaktivedanta Swami Prabhupāda.$$nVol. 6,$$pUniting two worlds : around the world/return to Vrndāvana 1975-1977 /$$cSatsvarūpa dāsa Goswami.
000000021 260   L $$aLos Angeles :$$bBhaktivedanta Book Trust,$$c1984.
000000021 300   L $$axvii, 477 s., [16] pl. :$$bill.
000000021 336   L $$ateksti$$btxt$$2rdacontent
000000021 337   L $$akäytettävissä ilman laitetta$$bn$$2rdamedia
000000021 338   L $$anide$$bnc$$2rdacarrier
000000021 60004 L $$aBhaktivedanta, A. C.
000000021 650 7 L $$aKrishna Consciousness Movement$$xbiography$$2atla
000000021 650 7 L $$areligious movements, popular$$2atla
000000021 SID   L $$c22$$balma
000000021 CAT   L $$aCONV-ISBD$$b$$c20120401$$lFIN01$$h2007
000000021 CAT   L $$aCONV-RDA$$b$$c20160319$$lFIN01$$h0811
000000021 LOW   L $$aALMA
