000000022 FMT   L BK
000000022 LDR   L ^^^^^cam^a22003977i^4500
000000022 001   L 000000022
000000022 005   L 20010520181033.0
000000022 008   L 850916s1982^^^^sw^|||||||||||1|||||swe||
000000022 0410  L $$au
000000022 080   L $$a061.3
000000022 080   L $$a276
000000022 1112  L $$aNordiska patristikermötet$$n(1 :$$d1981 :$$cLund).
000000022 24510 L $$aPatristica Nordica 1 :$$bföreläsningar hållna vid Nordiska patristikermötet i Lund 25-28 augusti 1981.
000000022 260   L $$aLund :$$bTeologiska institutionen,$$c1982.
000000022 300   L $$a137 s.
000000022 336   L $$ateksti$$btxt$$2rdacontent
000000022 337   L $$akäytettävissä ilman laitetta$$bn$$2rdamedia
000000022 338   L $$anide$$bnc$$2rdacarrier
000000022 4901  L $$aReligio ;$$v5
000000022 650 7 L $$aBible (OT)$$xcriticism, interpretation, Jewish$$2atla
000000022 650 7 L $$aNicaea, Council of, 325$$2atla
000000022 650 7 L $$aJesus Christ$$2atla
000000022 650 7 L $$aIgnatius, saint, BP of Antioch$$2atla
000000022 650 7 L $$aclergy$$xoffice$$2atla
000000022 650 7 L $$acharisma$$2atla
000000022 650 7 L $$aFathers of the church$$xcongresses$$2atla
000000022 650 7 L $$aCyril, saint, patriarch of Alexandria, d. 444$$2atla
000000022 650 7 L $$amessianism$$2atla
000000022 650 7 L $$aBible (OT)$$xcriticism, interpretation$$2atla
000000022 830 0 L $$aReligio ;$$v5.
000000022 SID   L $$c23$$balma
000000022 SID   L $$c1415856$$bhelka
000000022 CAT   L $$aCONV-ISBD$$b$$c20120401$$lFIN01$$h2007
000000022 CAT   L $$aCONV-RDA$$b$$c20160319$$lFIN01$$h0811
000000022 LOW   L $$aALMA
000000022 LOW   L $$aHELKA
