000000023 FMT   L BK
000000023 LDR   L ^^^^^cam^a22003497i^4500
000000023 001   L 000000023
000000023 005   L 20010520181034.0
000000023 008   L 850625s1984^^^^gw^|||||||||||||||||ger||
000000023 0410  L $$ager
000000023 080   L $$a291.17$$x(091)
000000023 080   L $$a141.4$$x(091)
000000023 080   L $$a211$$x(091)
000000023 080   L $$a141.45$$x(091)
000000023 080   L $$a1$$x(091)
000000023 1000  L $$aLey, Hermann.
000000023 24510 L $$aGeschichte der Aufklärung und des Atheismus.$$n4:2 /$$cHermann Ley.
000000023 260   L $$aBerlin :$$bDeutscher Verlag der Wissenschaften,$$c1984.
000000023 300   L $$a540 s.
000000023 336   L $$ateksti$$btxt$$2rdacontent
000000023 337   L $$akäytettävissä ilman laitetta$$bn$$2rdamedia
000000023 338   L $$anide$$bnc$$2rdacarrier
000000023 650 7 L $$aenlightenment$$2atla
000000023 650 7 L $$aeighteenth century$$2atla
000000023 650 7 L $$aphilosophy, French$$xhistory$$2atla
000000023 650 7 L $$amaterialism$$2atla
000000023 650 7 L $$aatheism$$2atla
000000023 SID   L $$c24$$balma
000000023 SID   L $$c1129355$$bhelka
000000023 CAT   L $$aCONV-ISBD$$b$$c20120401$$lFIN01$$h2007
000000023 CAT   L $$aCONV-RDA$$b$$c20160319$$lFIN01$$h0811
000000023 LOW   L $$aALMA
000000023 LOW   L $$aHELKA
