000000024 FMT   L BK
000000024 LDR   L ^^^^^cam^a22003377i^4500
000000024 001   L 000000024
000000024 005   L 20141219123717.0
000000024 008   L 850625s1983^^^^xxu|||||||||||||||||san||
000000024 035   L $$a(FI-MELINDA)000000024
000000024 0411  L $$asan$$aeng
000000024 080   L $$a294.526.825$$x=03.912$$x=20
000000024 080   L $$a294.55
000000024 1000  L $$aBhaktivedanta, A. C.
000000024 24510 L $$aBhagavad-gītā as it is /$$cwith the original Sanskrit text, Roman transliteration, English equivalents, transl. and elaborate purports by A. C. Bhaktivedanta Swami Prabhupāda.
000000024 250   L $$aComplete ed., rev. and enl.
000000024 260   L $$aLos Angeles :$$bBhaktivedanta Book Trust,$$c1983.
000000024 300   L $$axx, 904 s., [24] pl. :$$bfärgpl.
000000024 336   L $$ateksti$$btxt$$2rdacontent
000000024 337   L $$akäytettävissä ilman laitetta$$bn$$2rdamedia
000000024 338   L $$anide$$bnc$$2rdacarrier
000000024 63004 L $$aBhagavadgita,$$lengelska.
000000024 650 7 L $$aKrishna-liike$$xpyhät kirjat$$2ysa
000000024 650 7 L $$aKrishnarörelsen$$xheliga böcker$$2allars
000000024 650 7 L $$aHinduism$$xsacred books$$2atla
000000024 650 7 L $$aKrishna Consciousness Movement$$2atla
000000024 SID   L $$c25$$balma
000000024 CAT   L $$aCONV-ISBD$$b$$c20120401$$lFIN01$$h2007
000000024 CAT   L $$aLOAD-FIX$$b30$$c20141219$$lFIN01$$h1237
000000024 CAT   L $$aLOAD-FIX$$b30$$c20141219$$lFIN01$$h1237
000000024 CAT   L $$aCONV-RDA$$b$$c20160319$$lFIN01$$h0811
000000024 LOW   L $$aALMA
