000000027 FMT   L BK
000000027 LDR   L ^^^^^cam^a22003977i^4500
000000027 001   L 000000027
000000027 005   L 20141219123718.0
000000027 008   L 850625s1984^^^^pl^|||||||||||||||||ger||
000000027 035   L $$a(FI-MELINDA)000000027
000000027 0410  L $$ager
000000027 080   L $$a939.3$$x(093)
000000027 080   L $$a930.271$$x=92
000000027 080   L $$a003.323$$x(393)
000000027 080   L $$a003.323
000000027 1000  L $$aMatouš, Lubor.
000000027 24510 L $$aKappadokische Keilschrifttafeln mit Siegeln :$$baus der Sammlungen der Karlsuniversität in Prag /$$cvon Lubor Matouš und Marie Matoušová-Rajmová.
000000027 260   L $$aPrag :$$bKarlsuniversität,$$c1984.
000000027 300   L $$a186 s. :$$bill.
000000027 336   L $$ateksti$$btxt$$2rdacontent
000000027 337   L $$akäytettävissä ilman laitetta$$bn$$2rdamedia
000000027 338   L $$anide$$bnc$$2rdacarrier
000000027 650 7 L $$aassyriologia$$xkielitiede$$2ysa
000000027 650 7 L $$aclay tablets$$2atla
000000027 650 7 L $$aAkkadian language$$2atla
000000027 650 7 L $$aCappadocia$$2atla
000000027 650 7 L $$acuneiform inscriptions$$2atla
000000027 650 7 L $$atablets, cuneiform$$2atla
000000027 7001  L $$aMatoušová-Rajmová, Marie.
000000027 SID   L $$c28$$balma
000000027 SID   L $$c6218$$bhelka
000000027 CAT   L $$aCONV-ISBD$$b$$c20120401$$lFIN01$$h2007
000000027 CAT   L $$aLOAD-FIX$$b30$$c20141219$$lFIN01$$h1237
000000027 CAT   L $$aLOAD-FIX$$b30$$c20141219$$lFIN01$$h1237
000000027 CAT   L $$aCONV-RDA$$b$$c20160319$$lFIN01$$h0811
000000027 LOW   L $$aALMA
000000027 LOW   L $$aHELKA
