000000028 FMT   L BK
000000028 LDR   L ^^^^^cam^a22002777i^4500
000000028 001   L 000000028
000000028 005   L 20010520181034.0
000000028 008   L 850625s1984^^^^ii^|||||||||||||||||eng||
000000028 0410  L $$aeng
000000028 080   L $$a294.554
000000028 24500 L $$aWorld perspectives on Swami Dayananda Saraswati /$$c[ed. by] Ganga Ram Garg ; foreword by Kenneth W. Jones.
000000028 260   L $$aNew Delhi :$$bConcept,$$c1984.
000000028 300   L $$axlvi, 592 s. :$$bill.
000000028 336   L $$ateksti$$btxt$$2rdacontent
000000028 337   L $$akäytettävissä ilman laitetta$$bn$$2rdamedia
000000028 338   L $$anide$$bnc$$2rdacarrier
000000028 60004 L $$aDayananda Saraswati,$$cSwami.
000000028 650 7 L $$aArya Samaj$$2atla
000000028 650 7 L $$aArya Samaj$$xbiographies$$2atla
000000028 650 7 L $$ahinduism$$2atla
000000028 650 7 L $$aHindu learning and scholarship$$2atla
000000028 7001  L $$aGarg, Ganga Ram.
000000028 SID   L $$c29$$balma
000000028 CAT   L $$aCONV-ISBD$$b$$c20120401$$lFIN01$$h2007
000000028 CAT   L $$aCONV-RDA$$b$$c20160319$$lFIN01$$h0811
000000028 LOW   L $$aALMA
