000000029 FMT   L BK
000000029 LDR   L ^^^^^cam^a22003017i^4500
000000029 001   L 000000029
000000029 005   L 20010520181034.0
000000029 008   L 850625s1984^^^^sw^|||||||||||||||||swe||
000000029 0410  L $$aswe
000000029 080   L $$a281/282$$x(485)
000000029 1000  L $$aEjerfeldt, Lennart.
000000029 24510 L $$aKatolska, ortodoxa och österländska kyrkor på församlingsnivå /$$cLennart Ejerfeldt.
000000029 260   L $$aStockholm :$$bReligionssociologiska institutet,$$c1984.
000000029 300   L $$a41, [16] s.
000000029 336   L $$ateksti$$btxt$$2rdacontent
000000029 337   L $$akäytettävissä ilman laitetta$$bn$$2rdamedia
000000029 338   L $$anide$$bnc$$2rdacarrier
000000029 4901  L $$aForskningsrapport / Religionssociologiska institutet ;$$vnr 180
000000029 650 7 L $$aemigration and immigration$$2atla
000000029 650 7 L $$aOriental Eastern Church in Europe$$2atla
000000029 650 7 L $$aCatholic church$$xEurope$$2atla
000000029 650 7 L $$aOriental Orthodox Churches (non-Chalcedonian)$$2atla
000000029 650 7 L $$aSweden$$xreligion$$2atla
000000029 8102  L $$aReligionssociologiska institutet.$$tForskningsrapport ;$$vnr 180.
000000029 SID   L $$c30$$balma
000000029 CAT   L $$aCONV-ISBD$$b$$c20120401$$lFIN01$$h2007
000000029 CAT   L $$aCONV-RDA$$b$$c20160319$$lFIN01$$h0811
000000029 LOW   L $$aALMA
