000000030 FMT   L BK
000000030 LDR   L ^^^^^cam^a22002657i^4500
000000030 001   L 000000030
000000030 005   L 20010520181034.0
000000030 008   L 850625s1984^^^^sw^|||||||||||||||||swe||
000000030 0410  L $$aswe
000000030 080   L $$a245$$x(485)
000000030 1000  L $$aStraarup, Jørgen.
000000030 24510 L $$aPsalmer och visor 76 och 1985 års Den svenska psalmboken /$$cav Jørgen Straarup.
000000030 260   L $$aStockholm :$$bReligionssociologiska institutet,$$c1984.
000000030 300   L $$avi, 72 s.
000000030 336   L $$ateksti$$btxt$$2rdacontent
000000030 337   L $$akäytettävissä ilman laitetta$$bn$$2rdamedia
000000030 338   L $$anide$$bnc$$2rdacarrier
000000030 4901  L $$aForskningsrapport / Religionssociologiska institutet ;$$vnr 181
000000030 650 7 L $$aSvenska psalmboken$$2atla
000000030 650 7 L $$aprayer books$$2atla
000000030 8102  L $$aReligionssociologiska institutet.$$tForskningsrapport ;$$vnr 181.
000000030 SID   L $$c31$$balma
000000030 CAT   L $$aCONV-ISBD$$b$$c20120401$$lFIN01$$h2007
000000030 CAT   L $$aCONV-RDA$$b$$c20160319$$lFIN01$$h0811
000000030 LOW   L $$aALMA
