000000031 FMT   L BK
000000031 LDR   L ^^^^^cam^a22002777i^4500
000000031 001   L 000000031
000000031 005   L 20010520181034.0
000000031 008   L 850625s1984^^^^sw^|||||||||||||||||swe||
000000031 0410  L $$aswe
000000031 080   L $$a266$$x(485)
000000031 080   L $$a654.19
000000031 1000  L $$aDahlgren, Curt.
000000031 24510 L $$a[Gud i etern :$$bsamfundsfolk och närradio i Malmö /$$cCurt Dahlgren].
000000031 260   L $$aStockholm :$$bReligionssociologiska institutet,$$c1984.
000000031 300   L $$a31 s. :$$btab.
000000031 336   L $$ateksti$$btxt$$2rdacontent
000000031 337   L $$akäytettävissä ilman laitetta$$bn$$2rdamedia
000000031 338   L $$anide$$bnc$$2rdacarrier
000000031 4901  L $$aForskningsrapport / Religionssociologiska institutet ;$$vnr 184
000000031 650 7 L $$amass media in religion$$2atla
000000031 650 7 L $$aSweden$$xreligion$$2atla
000000031 8102  L $$aReligionssociologiska institutet.$$tForskningsrapport ;$$vnr 184.
000000031 SID   L $$c32$$balma
000000031 CAT   L $$aCONV-ISBD$$b$$c20120401$$lFIN01$$h2007
000000031 CAT   L $$aCONV-RDA$$b$$c20160319$$lFIN01$$h0811
000000031 LOW   L $$aALMA
