000000033 FMT   L BK
000000033 LDR   L ^^^^^cam^a22002777i^4500
000000033 001   L 000000033
000000033 005   L 20010520181034.0
000000033 008   L 850625s1984^^^^sw^||||||s^^^|||||||swe||
000000033 0410  L $$aswe
000000033 080   L $$a264$$x(485)
000000033 080   L $$a316.62
000000033 24500 L $$aHögmässomängd och högmässodeltagande :$$ben jämförelse på pastoratsnivå över två år.
000000033 260   L $$aStockholm :$$bReligionssociologiska institutet,$$c1984.
000000033 300   L $$a6 s. :$$btab.
000000033 336   L $$ateksti$$btxt$$2rdacontent
000000033 337   L $$akäytettävissä ilman laitetta$$bn$$2rdamedia
000000033 338   L $$anide$$bnc$$2rdacarrier
000000033 4901  L $$aSmärre meddelanden / Religionssociologiska institutet ;$$v1984:8
000000033 650 7 L $$achurch attendance$$2atla
000000033 650 7 L $$asociology and religion$$2atla
000000033 650 7 L $$aSvenska kyrkan$$2atla
000000033 8102  L $$aReligionssociologiska institutet.$$tSmärre meddelanden ;$$v1984:8.
000000033 SID   L $$c34$$balma
000000033 CAT   L $$aCONV-ISBD$$b$$c20120401$$lFIN01$$h2007
000000033 CAT   L $$aCONV-RDA$$b$$c20160319$$lFIN01$$h0811
000000033 LOW   L $$aALMA
