000000034 FMT   L BK
000000034 LDR   L ^^^^^cam^a22002777i^4500
000000034 001   L 000000034
000000034 005   L 20010520181034.0
000000034 008   L 850625s1984^^^^sw^||||||s^^^|||||||swe||
000000034 0410  L $$aswe
000000034 080   L $$a264$$x(485)
000000034 080   L $$a316.62
000000034 24500 L $$aSmå och stora församlingar i svenska kyrkans gudstjänstliv.
000000034 260   L $$aStockholm :$$bReligionssociologiska institutet,$$c1984.
000000034 300   L $$a12 s. :$$btab.
000000034 336   L $$ateksti$$btxt$$2rdacontent
000000034 337   L $$akäytettävissä ilman laitetta$$bn$$2rdamedia
000000034 338   L $$anide$$bnc$$2rdacarrier
000000034 4901  L $$aSmärre meddelanden / Religionssociologiska institutet ;$$v1984:7
000000034 650 7 L $$achurch attendance$$2atla
000000034 650 7 L $$asociology and religion$$2atla
000000034 650 7 L $$aSvenska kyrkan$$2atla
000000034 8102  L $$aReligionssociologiska institutet.$$tSmärre meddelanden ;$$v1984:7.
000000034 SID   L $$c35$$balma
000000034 CAT   L $$aCONV-ISBD$$b$$c20120401$$lFIN01$$h2007
000000034 CAT   L $$aCONV-RDA$$b$$c20160319$$lFIN01$$h0811
000000034 LOW   L $$aALMA
