000000035 FMT   L BK
000000035 LDR   L ^^^^^cam^a22003614i^4500
000000035 001   L 000000035
000000035 005   L 20010520181034.0
000000035 008   L 850625s1981^^^^sw^||||||m^^^|||||||swe||
000000035 0410  L $$aswe
000000035 080   L $$a726.59$$x(485)
000000035 1001  L $$aLarsson, Ylva.
000000035 24510 L $$aKyrkorummet :$$bstudier av nutida kyrkobyggnader och kyrkorum /$$cYlva Larsson och Helena Tallius.
000000035 260   L $$aLund :$$bLunds universitet. Sociologiska institutionen,$$c1981.
000000035 300   L $$a169 s. :$$bill.
000000035 336   L $$ateksti$$btxt$$2rdacontent
000000035 337   L $$akäytettävissä ilman laitetta$$bn$$2rdamedia
000000035 338   L $$anide$$bnc$$2rdacarrier
000000035 4901  L $$aArbetsrapport / Förortskyrkan. Ideologi, utformning, användning ;$$vnr 12
000000035 509   L $$aExamensarbete: Tekniska högskolan, 1978.
000000035 650 7 L $$achurch buildings$$2atla
000000035 650 7 L $$achurch architecture$$2atla
000000035 650 7 L $$achurch buildings$$xconstruction$$2atla
000000035 650 7 L $$achurch buildings, Lutheran$$2atla
000000035 650 7 L $$aSvenska kyrkan$$2atla
000000035 7001  L $$aTallius, Helena.
000000035 7102  L $$aLunds universitet.$$bSociologiska institutionen.
000000035 8102  L $$aFörortskyrkan.$$tArbetsrapport.$$nIdeologi, utformning, användning ;$$vnr 12.
000000035 SID   L $$c36$$balma
000000035 SID   L $$c1411936$$bhelka
000000035 CAT   L $$aCONV-ISBD$$b$$c20120401$$lFIN01$$h2007
000000035 CAT   L $$aCONV-RDA$$b$$c20160319$$lFIN01$$h0811
000000035 LOW   L $$aALMA
000000035 LOW   L $$aHELKA
