000000036 FMT   L BK
000000036 LDR   L ^^^^^cam^a22003497i^4500
000000036 001   L 000000036
000000036 005   L 20010520181034.0
000000036 008   L 850625s1982^^^^sw^|||||||||||||||||swe||
000000036 0410  L $$aswe
000000036 080   L $$a264$$x(485)
000000036 080   L $$a316.62
000000036 1000  L $$aGeyer, Kalle.
000000036 24510 L $$aGudstjänstbesök och nattvardsgång :$$btvå tematiska uppsatser /$$cKalle Geyer och Jan Carlsson.
000000036 260   L $$aUppsala :$$bUppsala universitet. Teologiska institutionen,$$c1982.
000000036 300   L $$a57 s. :$$btab., fig.
000000036 336   L $$ateksti$$btxt$$2rdacontent
000000036 337   L $$akäytettävissä ilman laitetta$$bn$$2rdamedia
000000036 338   L $$anide$$bnc$$2rdacarrier
000000036 4901  L $$aArbetsrapport / Förortskyrkan. Ideologi, utformning, användning ;$$vnr 16
000000036 650 7 L $$aLord's Supper$$2atla
000000036 650 7 L $$achurch attendance$$2atla
000000036 650 7 L $$asociology and religion$$2atla
000000036 650 7 L $$aSvenska kyrkan$$2atla
000000036 650 7 L $$areligious surveys$$2atla
000000036 7001  L $$aCarlsson, Jan.
000000036 8102  L $$aFörortskyrkan.$$tArbetsrapport.$$nIdeologi, utformning, användning ;$$vnr 16.
000000036 SID   L $$c37$$balma
000000036 SID   L $$c1324112$$bhelka
000000036 CAT   L $$aCONV-ISBD$$b$$c20120401$$lFIN01$$h2007
000000036 CAT   L $$aCONV-RDA$$b$$c20160319$$lFIN01$$h0811
000000036 LOW   L $$aALMA
000000036 LOW   L $$aHELKA
