000000037 FMT   L BK
000000037 LDR   L ^^^^^cam^a22002657i^4500
000000037 001   L 000000037
000000037 005   L 20010520181034.0
000000037 008   L 850625s1983^^^^ve^||||||b^^^|||||||spa||
000000037 0410  L $$aspa
000000037 080   L $$a016
000000037 080   L $$a316.7$$x(87)
000000037 080   L $$a39$$x(87)
000000037 1000  L $$aPollak-Eltz, Angelina.
000000037 24510 L $$aBibliografia antropologica Venezolana 1983 /$$cAngelina Pollak-Eltz.
000000037 260   L $$aCaracas :$$bInstituto de lenguas indigenas y Centro de estudios comparados de religion. Universidad Catolica Andres Bello,$$c[198-?]
000000037 300   L $$a66 s.
000000037 336   L $$ateksti$$btxt$$2rdacontent
000000037 337   L $$akäytettävissä ilman laitetta$$bn$$2rdamedia
000000037 338   L $$anide$$bnc$$2rdacarrier
000000037 500   L $$aStencil.
000000037 650 7 L $$aAfro-Americans$$xreligion$$xbibliography$$2atla
000000037 SID   L $$c38$$balma
000000037 CAT   L $$aCONV-ISBD$$b$$c20120401$$lFIN01$$h2007
000000037 CAT   L $$aCONV-RDA$$b$$c20160319$$lFIN01$$h0811
000000037 LOW   L $$aALMA
