000000038 FMT   L BK
000000038 LDR   L ^^^^^cam^a22003977i^4500
000000038 001   L 000000038
000000038 005   L 20150413130520.0
000000038 008   L 850625s1983^^^^vc^|||||||||||||||||lat||
000000038 035   L $$a(FI-MELINDA)000000038
000000038 0410  L $$alat
000000038 080   L $$a937$$x(093)
000000038 24500 L $$aInscriptiones christianae Urbis Romae :$$bseptimo saeculo antiquiores : N. S..$$nVol. 8,$$pCoemeteria viarum Nomentanae et Salariae /$$ccolligere coepit Ioannes Baptista de Rossi ; complevit et editit Antonius Ferrua ; auctoritate Pont. Instituti Archaeologiae Christianae Societatis Romanae ab historia patri.
000000038 260   L $$aRoma :$$bPont. Inst. Archaeologiae Christ.,$$c1983.
000000038 300   L $$aVIII, 494 s. :$$bill. ;$$cbil
000000038 336   L $$ateksti$$btxt$$2rdacontent
000000038 337   L $$akäytettävissä ilman laitetta$$bn$$2rdamedia
000000038 338   L $$anide$$bnc$$2rdacarrier
000000038 650 7 L $$alatinan kieli$$xantiikki$$xepigrafia$$zRooma$$2ysa
000000038 650 7 L $$aepigrafia$$xlatinan kieli$$zRooma$$2ysa
000000038 650 7 L $$acemeteries$$2atla
000000038 650 7 L $$aChristian antiquities$$2atla
000000038 650 7 L $$aRome (city)$$xchurch history$$x0030-0600$$2atla
000000038 650 7 L $$aLatin inscriptions$$2atla
000000038 650 7 L $$aepitaphs$$2atla
000000038 7001  L $$aDe Rossi, Giovanni Battista,$$d1822-1894.
000000038 7001  L $$aFerrua, Antonio.
000000038 SID   L $$c39$$balma
000000038 SID   L $$c494566$$bhelka
000000038 CAT   L $$aCONV-ISBD$$b$$c20120401$$lFIN01$$h2007
000000038 CAT   L $$aLOAD-FIX$$b30$$c20141219$$lFIN01$$h1237
000000038 CAT   L $$aLOAD-FIX$$b30$$c20141219$$lFIN01$$h1237
000000038 CAT   L $$aHELKA4100$$b30$$c20150413$$lFIN01$$h1300
000000038 CAT   L $$aHELKA4100$$b30$$c20150413$$lFIN01$$h1305
000000038 CAT   L $$aCONV-RDA$$b$$c20160319$$lFIN01$$h0811
000000038 LOW   L $$aALMA
000000038 LOW   L $$aHELKA
