000000039 FMT   L BK
000000039 LDR   L ^^^^^cam^a22003497i^4500
000000039 001   L 000000039
000000039 005   L 20141229140030.0
000000039 008   L 850625s1984^^^^gw^||||||m^^^|||||||ger||
000000039 035   L $$a(FI-MELINDA)000000039
000000039 0410  L $$ager
000000039 080   L $$a299.5$$x(519.3/.5)$$x(091)
000000039 1000  L $$aWissinger, Uwe.
000000039 24510 L $$aGeschichte und Religion Koreas im Spannungsfeld der grossen Religionen und Reiche Ostasiens :$$bschamanistische, buddhistische, taoistische und konfuzianistische Grundlagen für die soziale und kulturelle Entwicklung des Landes.$$nT 1,$$pVon der Steinzeit bis zum Ende der Koryǒ-Dynastie /$$cvon Uwe Wissinger.
000000039 260   L $$aBerlin,$$c1984.
000000039 300   L $$a845 s.
000000039 336   L $$ateksti$$btxt$$2rdacontent
000000039 337   L $$akäytettävissä ilman laitetta$$bn$$2rdamedia
000000039 338   L $$anide$$bnc$$2rdacarrier
000000039 502   L $$aVäitöskirja$$cBerlin : Freie Universität$$d1984.
000000039 650 7 L $$aKorea$$xhistory$$2atla
000000039 650 7 L $$aKorea$$xreligion$$2atla
000000039 650 7 L $$aBuddhism$$xKorea$$2atla
000000039 650 7 L $$aConfucianism$$2atla
000000039 650 7 L $$aTaoism$$2atla
000000039 SID   L $$c40$$balma
000000039 SID   L $$c6376$$bhelka
000000039 CAT   L $$aCONV-ISBD$$b$$c20120401$$lFIN01$$h2007
000000039 CAT   L $$aLOAD-HELKA$$b$$c20140424$$lFIN01$$h0209
000000039 CAT   L $$aLOAD-FIX$$b30$$c20141229$$lFIN01$$h1400
000000039 CAT   L $$aCONV-RDA$$b$$c20160319$$lFIN01$$h0811
000000039 LOW   L $$aALMA
000000039 LOW   L $$aHELKA
