000000040 FMT   L BK
000000040 LDR   L ^^^^^cam^a22003254i^4500
000000040 001   L 000000040
000000040 005   L 20010520181034.0
000000040 008   L 850625s1983^^^^ne^||||||m^^^|||||||eng||
000000040 0410  L $$aeng
000000040 080   L $$a299.31
000000040 080   L $$a291.213
000000040 1001  L $$aDemaree, Robert Johannes.
000000040 24514 L $$aThe 3h íkr n Rc-stelae :$$bon ancestor worship in ancient Egypt /$$cdoor Robert Johannes Demaree.
000000040 260   L $$aLeiden,$$c1983.
000000040 300   L $$a322, [20] s., XIX pl. :$$bill. +$$ebil. [4 s.].
000000040 336   L $$ateksti$$btxt$$2rdacontent
000000040 337   L $$akäytettävissä ilman laitetta$$bn$$2rdamedia
000000040 338   L $$anide$$bnc$$2rdacarrier
000000040 502   L $$aVäitöskirja$$cUniversiteit van Amsterdam$$d1983.
000000040 650 7 L $$asteele (archaeology)$$2atla
000000040 650 7 L $$aancestor worship$$2atla
000000040 650 7 L $$aEgypt$$xantiquities$$2atla
000000040 650 7 L $$aEgypt$$xreligion$$xancient period$$2atla
000000040 650 7 L $$aEgyptian language$$xinscriptions$$2atla
000000040 651 7 L $$aEgypten$$2ysa
000000040 651 7 L $$aEgypti$$2ysa
000000040 SID   L $$c42$$balma
000000040 CAT   L $$aCONV-ISBD$$b$$c20120401$$lFIN01$$h2007
000000040 CAT   L $$aCONV-RDA$$b$$c20160319$$lFIN01$$h0811
000000040 LOW   L $$aALMA
