000000041 FMT   L BK
000000041 LDR   L ^^^^^cam^a22002897i^4500
000000041 001   L 000000041
000000041 005   L 20110316120234.0
000000041 008   L 850625s1983^^^^xxk|||||||||||||||||eng||
000000041 020   L $$z0-370-39068-5
000000041 0410  L $$aeng
000000041 080   L $$a308$$x(6)
000000041 1000  L $$aLamb, David.
000000041 24514 L $$aThe Africans /$$cDavid Lamb.
000000041 260   L $$aLondon :$$bBodley Head,$$c1983.
000000041 300   L $$axv, 363 s. :$$bkart.
000000041 336   L $$ateksti$$btxt$$2rdacontent
000000041 337   L $$akäytettävissä ilman laitetta$$bn$$2rdamedia
000000041 338   L $$anide$$bnc$$2rdacarrier
000000041 500   L $$aCop. 1982
000000041 650 7 L $$aAfrica$$2atla
000000041 650 7 L $$aAfrica$$xpolitics$$2atla
000000041 650 7 L $$aAfrica$$xsocio-economic conditions$$2atla
000000041 SID   L $$c43$$balma
000000041 CAT   L $$aHELKA4100$$b30$$c20110316$$lFIN01$$h1202
000000041 CAT   L $$aCONV-ISBD$$b$$c20120401$$lFIN01$$h2007
000000041 CAT   L $$aCONV-RDA$$b$$c20160319$$lFIN01$$h0811
000000041 LOW   L $$aALMA
