000000042 FMT   L BK
000000042 LDR   L ^^^^^cam^a22002777i^4500
000000042 001   L 000000042
000000042 005   L 20010520181034.0
000000042 008   L 850916s1984^^^^xxu||||||b^^^|||||||eng||
000000042 0410  L $$aeng
000000042 080   L $$a016
000000042 080   L $$a281.9
000000042 24500 L $$aEastern Christianity :$$ba bibliography selected from the ATLA Religion database /$$ced. by Paul D. Petersen ; Ruth F. Frazer, general ed.
000000042 250   L $$aRev. ed.
000000042 260   L $$a[Chicago] :$$bAmerican Theological Library Association,$$c1984.
000000042 300   L $$a781 s
000000042 336   L $$ateksti$$btxt$$2rdacontent
000000042 337   L $$akäytettävissä ilman laitetta$$bn$$2rdamedia
000000042 338   L $$anide$$bnc$$2rdacarrier
000000042 590   L $$a2 vol.
000000042 650 7 L $$aOrthodox Eastern Church$$xbibliography$$2atla
000000042 7001  L $$aPetersen, Paul D.
000000042 7001  L $$aFrazer, Ruth F.
000000042 SID   L $$c44$$balma
000000042 CAT   L $$aCONV-ISBD$$b$$c20120401$$lFIN01$$h2007
000000042 CAT   L $$aCONV-RDA$$b$$c20160319$$lFIN01$$h0811
000000042 LOW   L $$aALMA
