000000043 FMT   L BK
000000043 LDR   L ^^^^^cam^a22003257i^4500
000000043 001   L 000000043
000000043 005   L 20010520181034.0
000000043 008   L 851105s1983^^^^no^|||||||||||||||||mul||
000000043 0410  L $$amul
000000043 080   L $$a326.8
000000043 080   L $$a326:93/99
000000043 080   L $$a93/99
000000043 080   L $$a326
000000043 24500 L $$aSlaveri og avvikling i komparativt perspektiv :$$brapport fra et seminar i Trondheim, mai 1983 /$$cutg. av Øivind Andersen.
000000043 260   L $$aTrondheim ;$$a[Oslo] :$$b[Universitetsbokh. distr.],$$c1983.
000000043 300   L $$a251 s.
000000043 336   L $$ateksti$$btxt$$2rdacontent
000000043 337   L $$akäytettävissä ilman laitetta$$bn$$2rdamedia
000000043 338   L $$anide$$bnc$$2rdacarrier
000000043 650 7 L $$aslave trade$$2atla
000000043 650 7 L $$aslavery$$2atla
000000043 650 7 L $$aslavery and the church$$2atla
000000043 650 7 L $$aslavery and the church$$xAnglican communion$$2atla
000000043 7001  L $$aAndersen, Øivind.
000000043 SID   L $$c45$$balma
000000043 SID   L $$c12173$$boula
000000043 CAT   L $$aCONV-ISBD$$b$$c20120401$$lFIN01$$h2007
000000043 CAT   L $$aCONV-RDA$$b$$c20160319$$lFIN01$$h0811
000000043 LOW   L $$aALMA
000000043 LOW   L $$aOULA
