000000044 FMT   L BK
000000044 LDR   L ^^^^^cam^a22003137i^4500
000000044 001   L 000000044
000000044 005   L 20010520181034.0
000000044 008   L 880627s1980^^^^au^|||||||||||||||||eng||
000000044 0410  L $$aeng
000000044 080   L $$a271.71$$x(436)
000000044 1112  L $$aInternational Congress on Carthusian History and Spirituality$$n(2 :$$d1980 :$$cAggs bach).
000000044 24514 L $$aDie Kartäuser in Österreich /$$cJames Hogg.
000000044 260   L $$aSalzburg :$$bInstitut für Anglistik und Amerikanistik. Universität Salzburg,$$c1980-81.
000000044 300   L $$a3 vol
000000044 336   L $$ateksti$$btxt$$2rdacontent
000000044 337   L $$akäytettävissä ilman laitetta$$bn$$2rdamedia
000000044 338   L $$anide$$bnc$$2rdacarrier
000000044 4901  L $$aAnalecta cartusiana ;$$v83
000000044 650 7 L $$aCarthusians$$xhistory$$xcongresses$$2atla
000000044 650 7 L $$aCarthusians$$xrelations$$xCistersians$$2atla
